@article{Karolus2019,
author = {Karolus, Charlie and The, Unicorn},
doi = {10.xxxx/yyyyyyyyyyyyyyy},
journal = {The journal of a unicorn},
pages = {123},
title = {{The story of a unicorn on a candy mountain}},
year = {2019}
}
@book{Cat2012,
author = {{Cat, Dog}},
booktitle = {The big comparison},
isbn = {zzzzzzzzzzzzzz},
pages = {728},
title = {{4th International Conference}},
year = {2012}
}
