@phdthesis{Blue2011,
author = {Blue, Red},
pages = {189},
title = {{Which pill should you take?}},
year = {2011},
school = {Colorful school},
}
